@string{jgr = "References"}

@MISC{primes,
   author = "Charles Louis Xavier Joseph de la Vall{\'e}e Poussin",
   note = "A strong form of the prime number theorem, 19th century",
   year = 1879
   }

@INBOOK{chicago,
   title = "The Chicago Manual of Style",
   publisher = "University of Chicago Press",
   edition = "Thirteenth",
   year = 1982,
   pages = "400--401",
   key = "Chicago"
   }

@BOOK{texbook,
   author = "Donald E. Knuth",
   title= "The {{\TeX}book}",
   publisher = "Addison-Wesley",
   year = 1984
   }

@BOOK{latexbook,
   author = "Leslie Lamport",
   title = "{\LaTeX \rm:} {A} Document Preparation System",
   publisher = "Addison-Wesley",
   year = 1986
   }

@UNPUBLISHED{btxdoc,
   author = "Oren Patashnik",
   title = "{Using BibTeX}",
   note = "Documentation for general BibTeX users",
   month = jan,
   year = 1988
   }

@UNPUBLISHED{btxhak,
   author = "Oren Patashnik",
   title = "Designing BibTeX Styles",
   note = "The part of BibTeX's documentation
                            that's not meant for general users",
   month = jan,
   year = 1988
   }

@BOOK{strunk,
   author = "Strunk, Jr., William and E. B. White",
   title = "The Elements of Style",
   publisher = "Macmillan",
   edition = "Third",
   year = 1979
   }

@book{vanleunen,
   title = "A Handbook for Scholars",
   author = "Mary-Claire van Leunen",
   publisher = "Knopf",
   year = "1979"
   }

@ARTICLE{Zurek:1993,
   AUTHOR  = {Zurek, R. W. and Martin, L. J.},
   TITLE   = {Interannual Variability of planet-encircling dust activity on {M}ars},
   YEAR    = {1993},
   JOURNAL = jgr,
   VOLUME  = {98},
   NUMBER  = {E2},
   PAGES   = {3247--3259}
}

@Article{Narendra_1990,
  author =       {K. S. Narendra and K. Parthsarathy},
  title =        {Identification and Control of Dynamical System
                  using Neural Networks},
  journal =      "IEENN",
  year =         {1990},
  volume =    {1},
  number =    {1},
  month =     {},
  pages =     {4-27},
  note =      {},
  annote =    {}
}

@ARTICLE{IJCS,
   AUTHOR  = {N. Meghanathan and G. W. Skelton},
   TITLE   = {Risk Notification Message Dissemination Protocol for Energy Efficient Broadcast in Vehicular Ad hoc Networks},
   JOURNAL = "IAENG International Journal of Computer Science",
   YEAR    = {2010},
   month   = jul,
   VOLUME  = {37},
   NUMBER  = {1},
   PAGES   = {1-10}
}

@ARTICLE{EL,
   AUTHOR  = {E. H. Miller},
   TITLE   = {A note on reflector arrays (Periodical style-Accepted for publication)},
   JOURNAL = "Engineering Letters",
   YEAR    = {submitted for publication}
}

@ARTICLE{IJAM,
   AUTHOR  = {J. Wang},
   TITLE   = {Fundamentals of erbium-doped fiber amplifiers arrays (Periodical style-Submitted for publication)},
   JOURNAL = "IAENG International Journal of Applied Mathematics",
   YEAR    = {submitted for publication}
}

@inproceedings{WCECS,
  author        = "N. Sohaee and C. V. Rorst",
  title         = "Bounded Diameter Clustering Scheme For Protein Interaction Networks",
  booktitle     = "Lecture Notes in Engineering and Computer Science: World Congress on Engineering and Computer Science 2009",
  pages         = "1-7"
}

@inproceedings{WCE,
  author        = "J. M. Merigo",
  title         = "Using the Probabilistic Weight Average in Decision Making with Distsance Measures",
  booktitle     = "Lecture Notes in Engineering and Computer Science: World Congress on Engineering 2010",
  pages         = "1-4"
}

@inproceedings{IMECS,
  author        = "T. Gonsalves and K. Itoh",
  title         = "Multi-Objective Optimization for Software Development Projects",
  booktitle     = "Lecture Notes in Engineering and Computer Science: International Multiconference of Engineers and Computer Scientist 2010",
  pages         = "1-6"
}
